@misc{gplv3,
    author       = {Free Software Foundation},
    title        = {{GNU} {G}eneral {P}ublic {L}icense},
    version      = {3},
	howpublished = {\url{http://www.gnu.org/licenses/gpl.html}},
    shorthand    = {GPL},
}

@misc{intro-tensor-micro,
	author       = {TensorFlow},
	title        = {Introducción a los microcontroladores por TensorFlow},
	howpublished = {\url{https://www.tensorflow.org/lite/microcontrollers/get_started_low_level}}
}

@misc{github-magicwand,
	author       = {TensorFlow},
	title        = {Github ejemplo magic\_wand de TensorFlow},
	howpublished = {\url{https://github.com/tensorflow/tflite-micro/tree/main/tensorflow/lite/micro/examples/magic_wand}}
}

@misc{BLEguide,
	author       = {Bluetooth}, 
	title        = {A Developer’s Guide to Bluetooth Technology},
	howpublished = {\\\url{https://www.bluetooth.com/blog/a-developers-guide-to-bluetooth/}}
}

@misc{BLEAndroid,
	author       = {Developers Android}, 
	title        = {Descripción general del Bluetooth de bajo consumo para Android},
	howpublished = {\url{https://developer.android.com/guide/topics/connectivity/bluetooth-le?hl=es-419}}
}

@misc{BLEOreilly,
	author       = {Kevin Townsend and Carles Cufí and Akiba and Robert Davidson}, 
	title        = {Getting Started with Bluetooth Low Energy},
	howpublished = {\url{https://www.oreilly.com/library/view/getting-started-with/9781491900550/ch04.html}}
}

@misc{ladvien,
	author       = {Ladvien}, 
	title        = {Repository named 'arduino\_ble\_sense'},
	howpublished = {\url{https://github.com/Ladvien/arduino_ble_sense}}
}

@misc{petewardenmw,
	author       = {Pete Warden}, 
	title        = {Pete Warden Magic Wand repository},
	howpublished = {\url{https://github.com/petewarden/magic_wand}}
}

@misc{andriyadimw,
	author       = {Andriyadi}, 
	title        = {andriyadi Magic Wand repository},
	howpublished = {\\\url{https://github.com/andriyadi/MagicWand-TFLite-Arduino}}
}

@misc{imuteoria,
	author       = {Aprendiendo Arduino}, 
	title        = {Aprendiendo a manejar Arduino en profundidad},
	howpublished = {\url{https://aprendiendoarduino.wordpress.com/tag/imu/}}
}

@misc{project-hub,
	author       = {Arduino}, 
	title        = {Project hub},
	howpublished = {\url{https://create.arduino.cc/projecthub?by=part&part_id=108462&sort=trending}}
}

@book{TinyML-PW,
  author        = {Pete Warden and Daniel Situnayake},
  year          = {2019},
  title         = {TinyML: Machine Learning with TensorFlow Lite on Arduino and Ultra-Low-Power Microcontrollers},
  publisher     = {O'Reilly}
}

@book{Aurelien,
  author        = {Aurélien Géron},
  year          = {2019},
  title         = {Hands-on Machine Learning with Scikit-Learn, Keras, and TensorFlow},
  publisher     = {O'Reilly}
}

@misc{keras,
	author       = {Keras}, 
	title        = {Keras WebPage},
	howpublished = {\url{https://keras.io/}}
}

@misc{tf-xxd,
	author       = {TensorFlow}, 
	title        = {Build convert},
	howpublished = {\url{https://www.tensorflow.org/lite/microcontrollers/build_convert}}
}

@book{Andreas,
  author         = {Andreas C. Müller and Sarah Guido},
  year           = {2017},
  title          = {Introduction to Machine Learning with Python},
  publisher      = {O'Reilly}
}

@misc{gap2d,
	author       = {Peltarion}, 
	title        = {Global average pooling 2D},
	howpublished = {\url{https://peltarion.com/knowledge-center/documentation/modeling-view/build-an-ai-model/blocks/global-average-pooling-2d}}
}

@article{ray,
  author          = {Partha Pratim Ray},
  title           = {A review on TinyML: State-of-the-art and prospects},
  year            = {2022}
}

@article{aiayn,
  author          = {Ashish Vaswani and Noam Shazeer and Niki Parmar and Jakob Uszkoreit and Llion Jones and Aidan N. Gomez and Lukasz Kaiser and Illia Polosukhin},
  title           = {Attention Is All You Need},
  year            = {2017}
}

@article{McCulloch,
	author       = {Warren S. McCulloch and Walter Pitts}, 
	title        = {A logical calculus of the ideas immanent in nervous activity},
	year         = {1943}
}

@article{Rosenblatt,
	author       = {F. Rosenblatt}, 
	title        = {The perceptron, a perceiving and recognizing automaton Project Para},
	year         = {1957},
}

@misc{mlperceptron,
	author       = {Wikipedia}, 
	title        = {Multilayer perceptron},
	howpublished = {\url{https://en.wikipedia.org/wiki/Multilayer_perceptron}}
}

@misc{sancho,
	author       = {Fernando Sancho Caparrini}, 
	title        = {Redes Neuronales: una visión superficial},
	howpublished = {\\\url{http://www.cs.us.es/~fsancho/?e=72}}
}

@misc{geo,
	author       = {Iars.geo}, 
	title        = {Breve Historia de las Redes Neuronales Artificiales},
	howpublished = {\\\url{https://steemit.com/spanish/@iars.geo/breve-historias-de-las-redes-neuronales-artificiales-articulo-1}}
}

@article{genAd,
	author       = {Antonia Creswell and Tom White and Vincent Dumoulin and Kai Arulkumaran and Biswa Sengupta and Anil A. Bharath}, 
	title        = {Generative Adversarial Networks: An Overview},
	year         = {2018},
}

@misc{alphago,
	author       = {DeepMind}, 
	title        = {AlphaGo webpage},
	howpublished = {\url{https://www.deepmind.com/research/highlighted-research/alphago}}
}

@misc{alphafold,
	author       = {DeepMind}, 
	title        = {AlphaFold2 webpage},
	howpublished = {\url{https://www.deepmind.com/research/highlighted-research/alphafold}}
}

@misc{openai,
	author       = {OpenAI}, 
	title        = {OpenAI webpage},
	howpublished = {\url{https://openai.com/}}
}

@misc{ghcopilot,
	author       = {GitHub}, 
	title        = {GitHub Copilot webpage},
	howpublished = {\\\url{https://github.com/features/copilot/}}
}

@misc{nerfs,
	author       = {Jonathan Stephens (Nvidia)}, 
	title        = {Getting Started with NVIDIA Instant NeRFs},
	howpublished = {\url{https://developer.nvidia.com/blog/getting-started-with-nvidia-instant-nerfs/}}
}

@misc{nlp,
	author       = {Ben Lutkevich}, 
	title        = {Natural language processing ({NLP})},
	howpublished = {\\\url{https://www.techtarget.com/searchenterpriseai/definition/natural-language-processing-NLP}}
}

@misc{transformers,
	author       = {Maxime}, 
	title        = {What is a Transformer?},
	howpublished = {\\\url{https://medium.com/inside-machine-learning/what-is-a-transformer-d07dd1fbec04}}
}

@misc{na8,
	author       = {Na8}, 
	title        = {Breve Historia de las Redes Neuronales Artificiales},
	howpublished = {\\\url{https://www.aprendemachinelearning.com/breve-historia-de-las-redes-neuronales-artificiales/}}
}

@misc{mccon,
	author       = {Wikipedia}, 
	title        = {Microcontrolador},
	howpublished = {\url{https://es.wikipedia.org/wiki/Microcontrolador}}
}

@misc{mcs48,
	author       = {Wikipedia}, 
	title        = {Intel MCS-48},
	howpublished = {\url{https://en.wikipedia.org/wiki/Intel_MCS-48}}
}

@misc{tinyMl,
	author       = {TinyML}, 
	title        = {TinyML webpage},
	howpublished = {\url{https://www.tinyml.org/}}
}

@misc{CloudMl,
	author       = {CloudML}, 
	title        = {CloudML webpage},
	howpublished = {\url{https://cloudml.io/}}
}

@misc{EdgeMl,
	author       = {GitHub/Microsoft}, 
	title        = {{E}dge{ML} webpage},
	howpublished = {\\\url{https://microsoft.github.io/EdgeML/}}
}

@article{hinton,
	author       = {Hinton G.E. and Osindero S. and Teh Y.}, 
	title        = {Movies of the neural network generating and recognizing digits},
	year         = {2006},
}

@misc{microlearn,
	author       = {Adarsh1001}, 
	title        = {Repositorio Micro-Learn},
	howpublished = {\\\url{https://github.com/adarsh1001/micro-learn}}
}

@misc{orhan,
	author       = {Orhan G. Yalçin}, 
	title        = {Image Classification in 10 Minutes with {MNIST} Dataset},
	howpublished = {\url{https://towardsdatascience.com/image-classification-in-10-minutes-with-mnist-dataset-54c35b77a38d}}
}

@misc{bledoc,
	author       = {QT}, 
	title        = {Documentación {B}luetooth {LE}},
	howpublished = {\\\url{https://doc.qt.io/qt-6/qtbluetooth-le-overview.html}}
}

@misc{qthreaddoc,
	author       = {QT}, 
	title        = {Documentación {QT}hread},
	howpublished = {\\\url{https://doc.qt.io/qt-6/threads-technologies.html}}
}

@misc{RNestru,
	author       = {Alex Lenail}, 
	title        = {Creación de esquemas de redes neuronales},
	howpublished = {\url{http://alexlenail.me/NN-SVG/index.html}}
}

@misc{permBTQT,
	author       = {Sierdzio}, 
	title        = {Foro QT},
	howpublished = {\url{https://forum.qt.io/topic/114503/missing-cap_net_admin-permission/2}}
}

@misc{carBTQT,
	author       = {QT Community}, 
	title        = {Codereview de qt-project},
	howpublished = {\url{https://codereview.qt-project.org/c/qt/qtconnectivity/+/233087}}
}

@misc{ejBLE,
	author       = {QT}, 
	title        = {Implementaciones QT para demostrar el uso de BLE},
	howpublished = {\url{https://doc.qt.io/qt-6/qtbluetooth-lowenergyscanner-example.html}}
}

@misc{signalsQT,
	author       = {QT}, 
	title        = {Documentación de señales y slots en QT},
	howpublished = {\url{https://doc.qt.io/qt-6/signalsandslots.html}}
}

@misc{salII,
	author       = {Talent.com}, 
	title        = {Salario medio de un ingeniero informático en España en 2022},
	howpublished = {\url{https://es.talent.com/salary?job=ingeniero+inform%C3%A1tico}}
}